@article{van2018introduction,
  author    = {Jan{-}Willem van de Meent and
               Brooks Paige and
               Hongseok Yang and
               Frank Wood},
  title     = {An Introduction to Probabilistic Programming},
  journal   = {CoRR},
  volume    = {abs/1809.10756},
  year      = {2018},
  url       = {http://arxiv.org/abs/1809.10756},
  archivePrefix = {arXiv},
}

@inproceedings{PaigeWDT14,
  author    = {Brooks Paige and
               Frank D. Wood and
               Arnaud Doucet and
               Yee Whye Teh},
  title     = {Asynchronous Anytime Sequential Monte Carlo},
  booktitle = {Advances in Neural Information Processing Systems},
  pages     = {3410--3418},
  year      = {2014},
  url       = {https://proceedings.neurips.cc/paper/2014/hash/7eb7eabbe9bd03c2fc99881d04da9cbd-Abstract.html},
}

@inproceedings{paige2014compilation,
  title={A Compilation Target for Probabilistic Programming Languages},
  author={Paige, Brooks and Wood, Frank},
  booktitle={International Conference on Machine Learning},
  pages={1935--1943},
  year={2014},
  organization={PMLR}
}

@inproceedings{wood2014new,
  title={A New Approach to Probabilistic Programming Inference},
  author={Wood, Frank and Meent, Jan Willem and Mansinghka, Vikash},
  booktitle={Artificial Intelligence and Statistics},
  pages={1024--1032},
  year={2014},
  organization={PMLR}
}

@book{chopin2020introduction,
  title={An Introduction to Sequential Monte Carlo},
  author={Chopin, Nicolas and Papaspiliopoulos, Omiros and others},
  volume={4},
  year={2020},
  publisher={Springer}
}

@incollection{doucet2001introduction,
  title={An Introduction to Sequential Monte Carlo methods},
  author={Doucet, Arnaud and De Freitas, Nando and Gordon, Neil},
  booktitle={Sequential Monte Carlo methods in practice},
  pages={3--14},
  year={2001},
  publisher={Springer}
}

@inproceedings{douc2005comparison,
  title={Comparison of Resampling Schemes for Particle Filtering},
  author={Douc, Randal and Capp{\'e}, Olivier},
  booktitle={ISPA 2005. Proceedings of the 4th International Symposium on Image and Signal Processing and Analysis, 2005.},
  pages={64--69},
  year={2005},
  organization={IEEE}
}

@article{doucet2009tutorial,
  title={A Tutorial on Particle Filtering and Smoothing: Fifteen years later},
  author={Doucet, Arnaud and Johansen, Adam M and others},
  journal={Handbook of nonlinear filtering},
  volume={12},
  number={656-704},
  pages={3},
  year={2009}
}

@book{sarkka2013bayesian,
  title={Bayesian Filtering and Smoothing},
  author={S{\"a}rkk{\"a}, Simo},
  number={3},
  year={2013},
  publisher={Cambridge University Press}
}

@article{zhang2018neural,
  title={Neural guided constraint logic programming for program synthesis},
  author={Zhang, Lisa and Rosenblatt, Gregory and Fetaya, Ethan and Liao, Renjie and Byrd, William E and Might, Matthew and Urtasun, Raquel and Zemel, Richard},
  journal={arXiv preprint arXiv:1809.02840},
  year={2018}
}

@inproceedings{10.1145/2989225.2989230,
  author = {Hemann, Jason and Friedman, Daniel P. and Byrd, William E. and Might, Matthew},
  title = {A Small Embedding of Logic Programming with a Simple Complete Search},
  year = {2016},
  isbn = {9781450344456},
  publisher = {Association for Computing Machinery},
  url = {https://doi.org/10.1145/2989225.2989230},
  doi = {10.1145/2989225.2989230},
  booktitle = {Proceedings of the 12th Symposium on Dynamic Languages},
  pages = {96â€“107},
  numpages = {12},
  keywords = {miniKanren, relational programming, logic programming, microKanren, search, streams, Racket},
  location = {Amsterdam, Netherlands},
  series = {DLS 2016}
}

@inproceedings{swords2013rkanren,
  title={rKanren: Guided search in miniKanren},
  author={Swords, Cameron and Friedman, Daniel},
  booktitle={Proceedings of Scheme Workshop},
  year={2013}
}

@book{daniel2018reasoned,
  title={The Reasoned Schemer},
  author={Daniel P.. Friedman and Byrd, William E and Kiselyov, Oleg and Hemann, Jason},
  year={2018},
  edition={2nd},
  publisher={MIT Press}
}

@article{byrd2017unified,
  title={A Unified Approach to Solving Seven Programming Problems (Functional Pearl)},
  author={Byrd, William E and Ballantyne, Michael and Rosenblatt, Gregory and Might, Matthew},
  journal={Proceedings of the ACM on Programming Languages},
  volume={1},
  number={ICFP},
  pages={1--26},
  year={2017},
  url={https://doi.org/10.1145/3110252},
  publisher={ACM New York, NY, USA}
}

@inproceedings{sato1997prism,
  title={PRISM: a language for symbolic-statistical modeling},
  author={Sato, Taisuke and Kameya, Yoshitaka},
  booktitle={IJCAI},
  volume={97},
  pages={1330--1339},
  year={1997},
  organization={Citeseer}
}

@inproceedings{de2007problog,
  title={ProbLog: A Probabilistic Prolog and Its Application in Link Discovery.},
  author={De Raedt, Luc and Kimmig, Angelika and Toivonen, Hannu},
  booktitle={IJCAI},
  volume={7},
  pages={2462--2467},
  year={2007},
  organization={Hyderabad}
}

@inproceedings{gutmann2010extending,
  title={Extending ProbLog with continuous distributions},
  author={Gutmann, Bernd and Jaeger, Manfred and De Raedt, Luc},
  booktitle={International Conference on Inductive Logic Programming},
  pages={76--91},
  year={2010},
  organization={Springer}
}

@article{islam2012inference,
  title={Inference in Probabilistic Logic Programs with Continuous Random Variables},
  author={Islam, Muhammad Asiful and Ramakrishnan, CR and Ramakrishnan, IV},
  journal={Theory and Practice of Logic Programming},
  volume={12},
  number={4-5},
  pages={505--523},
  year={2012},
  publisher={Cambridge University Press}
}

@inproceedings{belle2015probabilistic,
  title={Probabilistic inference in hybrid domains by weighted model integration},
  author={Belle, Vaishak and Passerini, Andrea and Van den Broeck, Guy},
  booktitle={Twenty-Fourth International Joint Conference on Artificial Intelligence},
  year={2015}
}

@article{gutmann2011magic,
  title={The Magic of Logical Inference in Probabilistic Programming},
  author={Gutmann, Bernd and Thon, Ingo and Kimmig, Angelika and Bruynooghe, Maurice and De Raedt, Luc},
  journal={Theory and Practice of Logic Programming},
  volume={11},
  number={4-5},
  pages={663--680},
  year={2011},
  publisher={Cambridge University Press}
}

@article{manhaeve2018deepproblog,
  title={Deepproblog: Neural probabilistic logic programming},
  author={Manhaeve, Robin and Duman{\v{c}}i{\'c}, Sebastijan and Kimmig, Angelika and Demeester, Thomas and De Raedt, Luc},
  journal={arXiv preprint arXiv:1805.10872},
  year={2018}
}

@inproceedings{cerutti2019probabilistic,
  title={Probabilistic logic programming with beta-distributed random variables},
  author={Cerutti, Federico and Kaplan, Lance and Kimmig, Angelika and {\c{S}}ensoy, Murat},
  booktitle={Proceedings of the AAAI Conference on Artificial Intelligence},
  volume={33},
  number={01},
  pages={7769--7776},
  year={2019}
}
